<?xml version="1.0" encoding="UTF-8"?><collection xmlns="http://www.loc.gov/MARC21/slim"><record><leader>00513nam--2200181-i-4500</leader><controlfield tag="001">000031992</controlfield><controlfield tag="002">20161230</controlfield><controlfield tag="005">20161230201038</controlfield><controlfield tag="008">060222s1000------------r-----000-0-ger-d</controlfield><datafield ind1=" " ind2=" " tag="040"><subfield code="a">IFIN-HH</subfield></datafield><datafield ind1=" " ind2=" " tag="041"><subfield code="a">ger</subfield></datafield><datafield ind1=" " ind2=" " tag="080"><subfield code="a">535.375.5(043)</subfield></datafield><datafield ind1="1" ind2=" " tag="100"><subfield code="a">Merlin, Roberto</subfield></datafield><datafield ind1="1" ind2="0" tag="245"><subfield code="a">Ramanstreuung an einigen seltenard und ubergangsmetallverbindungen</subfield><subfield code="b">Dissertation</subfield><subfield code="c">Roberto merlin</subfield></datafield><datafield ind1=" " ind2=" " tag="260"><subfield code="a">Sttutgart</subfield><subfield code="b">Universitat Sttutgart</subfield><subfield code="c">1978</subfield></datafield><datafield ind1=" " ind2=" " tag="300"><subfield code="a">250P</subfield></datafield><datafield ind1=" " ind2=" " tag="852"><subfield code="a">46278</subfield><subfield code="c">535.37</subfield></datafield><datafield ind1=" " ind2=" " tag="CAT"><subfield code="a">Sys</subfield><subfield code="c">20110426</subfield><subfield code="h">150023</subfield></datafield></record></collection>